@misc{El-Deeb_PEU-218_Assignments,
  author  = {El-Deeb, M.H.},
  license = {MIT},
  title   = {\href{https://github.com/mhdeeb/peu-218-latex}{PEU-218 Assignments}}
}

@misc{El-Deeb_PEU-218_Assignments_py,
  author  = {El-Deeb, M.H.},
  license = {MIT},
  title   = {\href{https://mybinder.org/v2/gh/mhdeeb/peu-218-latex/main?labpath=A2%2FIPYNP%2FPEU-218_A3_201900052_Mohamed-Hussien-El-Deeb.ipynb}{PEU-218 Assignments (Python)}}
}
