@misc{El-Deeb_PEU-218_Assignments,
  author  = {El-Deeb, M.H.},
  license = {MIT},
  title   = {\href{https://github.com/mhdeeb/peu-218-latex}{PEU-218 Assignments}}
}

@misc{El-Deeb_PEU-218_Assignments_py,
  author  = {El-Deeb, M.H.},
  license = {MIT},
  title   = {\href{https://hub.ovh2.mybinder.org/user/mhdeeb-peu-218-latex-c94xgr1a/lab/tree/A1/IPYNP/PEU-218_A1_201900052_Mohamed-Hussien-El-Deeb.ipynp}{PEU-218 Assignments (Python)}}
}

