@misc{El-Deeb_PEU-218_Assignments,
  author  = {M.H. El-Deeb},
  license = {MIT},
  title   = {\href{https://github.com/mhdeeb/peu-218-latex}{PEU-218 Assignments}}
}

@misc{El-Deeb_PEU-218_Assignments_py,
  author  = {M.H. El-Deeb},
  license = {MIT},
  title   = {\href{https://mybinder.org/v2/gh/mhdeeb/peu-218-latex/main?labpath=A2%2FIPYNP%2FPEU-218_A3_201900052_Mohamed-Hussien-El-Deeb.ipynb}{PEU-218 Assignments (Python)}}
}
@misc{El-Deeb_PEU-218_Stokes_Threejs,
  author  = {M.H. El-Deeb},
  license = {MIT},
  title   = {\href{https://mhdeeb.github.io/peu-218-latex/stokes.html}{Stokes' Theorem (threejs)}}
}

@misc{Finite_Volume_Methods,
  author = {R. Eymard, T GallouÃ«t and R. Herbin},
  title  = {\href{https://hal.science/hal-02100732v2/file/bookevol.pdf}{Finite Volume Methods}}
}

@misc{FEM,
  author = {A. Harish},
  title  = {\href{https://www.simscale.com/blog/what-is-finite-element-method/}{What is FEM and FEA explained: Finite Element Method}}
}
